@book{dictionnaireHachette,
    author = {Hachette},
    title = {Dictionnaire encyclopédique de poche},
    year = {1999},
    publisher = {Hachette},
    note = "[370 pages, 50 000 mots]\ \ref{hachette}"
}
@book{encyclopediePhilosophie,
    author = {Garzanti},
    title = {Encyclopédie de la philosophie},
    year = {2002},
    publisher = {La pochotèque},
    note = "[1770 pages, 2500 entrées]\ \ref{garzanti}"
}
@book{philosophiePratique,
    author = {Hansen and Clément and Demonque and Kahn},
    title = {La pratique de la philosophie},
    year = {2000},
    publisher = {Hatier},
    note = "[480 pages, 870 entrées]\ \ref{hansen}"
}
@book{dictionnairePhilosophique,
    author = {André Comte-Sponvile},
    title = {Dictionnaire philosophique},
    year = {2001},
    publisher = {Presses Universitaires de France},
    note = "[646 pages, 1265 entrées]\ \ref{comte}"
}

