@misc{les-philosophes.fr,
    author = {Cyril Arnaud},
    title = {L'Éthique de Spinoza, résumé},
    howpublished = {\url{<https://www.les-philosophes.fr/spinoza/livres-achat/spinoza-ethique.html>}},
    year = {année1},
    publisher = {Cyril ARNAUD},
    note = "[note1]\ \ref{labelSite1}"
}
@book{encyclopédiePhilosophie,
    author = {Garzanti},
    title = {Encyclopédie de la philosophie},
    year = {2002},
    publisher = {La pochotèque},
    note = "[1770 pages, 2500 notices]"
}
@book{philosophiePratique,
    author = {Hansen and Clément and Demonque and Kahn},
    title = {La pratique de la philosophie},
    year = {2000},
    publisher = {Hatier},
    note = "[480 pages, 870 notices]"
}
