@book{philosophes,
    author = {André Vergez},
    title = {HUME},
    year = {1969},
    publisher = {Presses Universitaires de France},
    note = "[Les précis des classes supérieures]"
}
@book{encyclopédiePhilosophie,
    author = {Garzanti},
    title = {Encyclopédie de la philosophie},
    year = {2002},
    publisher = {La pochotèque},
    note = "[1770 pages, 2500 notices]"
}
@book{philosophiePratique,
    author = {Hansen and Clément and Demonque and Kahn},
    title = {La pratique de la philosophie},
    year = {2000},
    publisher = {Hatier},
    note = "[480 pages, 870 notices]"
}

