@misc{la-philosophie,
    howpublished = {\url{<https://la-philosophie.com/phenomenologie-esprit-hegel>}},
}
@misc{les-philosophes,
    author = {Cyril Arnaud},
    title = {Résumé de : la Phénoménologie de l'esprit},
    howpublished = {\url{<https://www.les-philosophes.fr/hegel/phenomenologie-esprit.html>}},
}
